% Use this file for citations not found in the ACL Anthology (contained in "anthology.bib").



